<record><leader>00000cas a22000007a 4500</leader><controlfield tag="001">15140159</controlfield><controlfield tag="008">870202d19591969txuwr ne      0    0eng d</controlfield><datafield ind1=" " ind2=" " tag="010"><subfield code="a">sn 86090662 </subfield></datafield><datafield ind1=" " ind2=" " tag="040"><subfield code="a">PPM</subfield><subfield code="b">eng</subfield><subfield code="c">PPM</subfield><subfield code="d">OCLCQ</subfield></datafield><datafield ind1=" " ind2=" " tag="042"><subfield code="a">msc</subfield></datafield><datafield ind1="0" ind2="0" tag="245"><subfield code="a">Sunray news.</subfield></datafield><datafield ind1=" " ind2=" " tag="260"><subfield code="a">Sunray, Tex. :</subfield><subfield code="b">Kenneth Hogue</subfield></datafield><datafield ind1=" " ind2=" " tag="310"><subfield code="a">Weekly</subfield></datafield><datafield ind1="0" ind2=" " tag="362"><subfield code="a">-v. 10, no. 52 (Apr. 24, 1969).</subfield></datafield><datafield ind1="1" ind2=" " tag="362"><subfield code="a">Began in 1959?</subfield></datafield><datafield ind1=" " ind2=" " tag="588"><subfield code="a">Description based on: Vol. 2, no. 37 (Jan. 12, 1961).</subfield></datafield><datafield ind1=" " ind2=" " tag="752"><subfield code="a">United States</subfield><subfield code="b">Texas</subfield><subfield code="c">Moore</subfield><subfield code="d">Sunray.</subfield></datafield><datafield ind1="1" ind2=" " tag="029"><subfield code="a">AU@</subfield><subfield code="b">000025789800</subfield></datafield></record>